<record><leader>00000cas a22000007a 4500</leader><controlfield tag="001">11746607</controlfield><controlfield tag="008">850228d18831904wiudn ne      0    0eng d</controlfield><datafield ind1=" " ind2=" " tag="010"><subfield code="a">sn 85040271 </subfield></datafield><datafield ind1=" " ind2=" " tag="040"><subfield code="a">NPV</subfield><subfield code="b">eng</subfield><subfield code="c">NPV</subfield><subfield code="d">OCLCQ</subfield></datafield><datafield ind1=" " ind2=" " tag="042"><subfield code="a">msc</subfield></datafield><datafield ind1=" " ind2=" " tag="043"><subfield code="a">n-us-wi</subfield></datafield><datafield ind1=" " ind2=" " tag="045"><subfield code="a">w8x0</subfield></datafield><datafield ind1=" " ind2=" " tag="052"><subfield code="a">4123</subfield><subfield code="b">L2</subfield></datafield><datafield ind1="0" ind2="4" tag="245"><subfield code="a">The La Crosse morning chronicle.</subfield></datafield><datafield ind1="1" ind2="7" tag="246"><subfield code="a">Morning chronicle</subfield></datafield><datafield ind1="3" ind2="0" tag="246"><subfield code="a">La Crosse Sunday chronicle</subfield></datafield><datafield ind1=" " ind2=" " tag="260"><subfield code="a">La Crosse, Wis. :</subfield><subfield code="b">E.B. Usher,</subfield><subfield code="c">1883-1904.</subfield></datafield><datafield ind1=" " ind2=" " tag="300"><subfield code="a">v. :</subfield><subfield code="b">ill.</subfield></datafield><datafield ind1=" " ind2=" " tag="310"><subfield code="a">Daily (except Mon.)</subfield></datafield><datafield ind1="0" ind2=" " tag="362"><subfield code="a">Vol. 5, no. 129 (Jan. 2, 1883)-v. 11, no. 79 (Nov. 11, 1887) ; new ser., v. 10, no. 80 (Nov. 12, 1887)-new ser., v. 19, no. 202 (Mar. 31, 1897) ; 47th year (Apr. 1, 1897)-54th year, no. 69 (Aug. 16, 1904).</subfield></datafield><datafield ind1=" " ind2=" " tag="500"><subfield code="a">Sunday issue has title: La Crosse Sunday chronicle, Jan. 3-Aug. 1904.</subfield></datafield><datafield ind1=" " ind2=" " tag="500"><subfield code="a">Publisher changes: Chronicle Pub. Co., Dec. 10, 1899-1904.</subfield></datafield><datafield ind1=" " ind2=" " tag="500"><subfield code="a">Editor: E.B. Usher, &lt;Dec. 2, 1899&gt;-Jan. 10, 1901.--C.K. Lush, Mar. 5, 1901-Nov. 22, 1902.--A.M. Brayton, Jan. 17, 1903-Jan. 1, 1904.</subfield></datafield><datafield ind1=" " ind2=" " tag="530"><subfield code="a">Available on microfilm from The State Historical Society of Wisconsin.</subfield></datafield><datafield ind1=" " ind2=" " tag="580"><subfield code="a">Also published in weekly or semiweekly ed.: The Weekly Chronicle (Sept. 1882-1902), La Crosse Chronicle (1902), La Crosse semi-weekly chronicle (1902-1903), The Weekly Chronicle (1903-1906).</subfield></datafield><datafield ind1=" " ind2=" " tag="752"><subfield code="a">United States</subfield><subfield code="b">Wisconsin</subfield><subfield code="c">La Crosse</subfield><subfield code="d">La Crosse.</subfield></datafield><datafield ind1="1" ind2=" " tag="775"><subfield code="t">Weekly chronicle (La Crosse, Wis. : 1882)</subfield><subfield code="w">(DLC)sn 85040274</subfield></datafield><datafield ind1="1" ind2=" " tag="775"><subfield code="t">Crosse chronicle</subfield><subfield code="w">(DLC)sn 85040275</subfield></datafield><datafield ind1="1" ind2=" " tag="775"><subfield code="t">Crosse semi-weekly chronicle</subfield><subfield code="w">(DLC)sn 85040276</subfield></datafield><datafield ind1="1" ind2=" " tag="775"><subfield code="t">Weekly chronicle (La Crosse, Wis. : 1903)</subfield><subfield code="w">(DLC)sn 85040277</subfield></datafield><datafield ind1="0" ind2="0" tag="780"><subfield code="t">Morning chronicle (La Crosse, Wis.)</subfield><subfield code="w">(DLC)sn 85040270</subfield></datafield><datafield ind1="0" ind2="0" tag="785"><subfield code="t">Crosse daily chronicle</subfield><subfield code="w">(DLC)sn 85040272</subfield></datafield><datafield ind1="1" ind2=" " tag="029"><subfield code="a">AU@</subfield><subfield code="b">000025798559</subfield></datafield></record>